

  <record>
    <leader>00000nam a2200000i 4500</leader>
    <controlfield tag="008">230101s2023    xxu           000 0 eng d</controlfield>
    <datafield tag="245" ind1="1" ind2="0"><subfield code="a">Medical History :</subfield><subfield code="c">an overview</subfield></datafield>
    <datafield tag="300" ind1=" " ind2=" "><subfield code="a">50 cm.</subfield></datafield>
    <datafield tag="999" ind1=" " ind2=" "><subfield code="a">IDX</subfield></datafield>
  </record>

  <record>
    <leader>short</leader>
    <datafield tag="999" ind1=" " ind2=" "><subfield code="a">SKIP_ME</subfield></datafield>
  </record>

  </collection>